%! Author = romai
%! Date = 30.03.2022

